%% This BibTeX bibliography file was created using BibDesk.
%% http://bibdesk.sourceforge.net/


%% Created for Shin-Cheng Mu at 2015-02-28 18:45:00 +0800 


%% Saved with string encoding Unicode (UTF-8) 


@proceedings{Gibbons:14:Folding,
  Author = {Gibbons, Jeremy and Wu, Nicolas}
	Title = {Folding Domain-Specific Languages: Deep and Shallow Embeddings},
	Year = {2014}
}

@proceedings{Fokkinga:90:Tupling,
  Author = {Fokkinga, Maarten M}
	Title = {Tupling and mutumorphisms},
	Year = {1990}
}

